<record xmlns='http://www.loc.gov/MARC21/slim'><leader>04146cmm a2200661Ia 4500</leader><controlfield tag='001'>9934788983506421</controlfield><controlfield tag='005'>20200825142002.0</controlfield><controlfield tag='006'>aa    q     000 0 </controlfield><controlfield tag='006'>m     q  d        </controlfield><controlfield tag='007'>co cga||||||||</controlfield><controlfield tag='008'>000131s1999    cc      q  i        chi d</controlfield><datafield ind1=' ' ind2=' ' tag='035'><subfield code='a'>(OCoLC)ocm43373479</subfield></datafield><datafield ind1=' ' ind2=' ' tag='035'><subfield code='a'>3478898</subfield></datafield><datafield ind1=' ' ind2=' ' tag='035'><subfield code='a'>(OCoLC)43373479</subfield><subfield code='z'>(OCoLC)52490588</subfield></datafield><datafield ind1=' ' ind2=' ' tag='035'><subfield code='a'>(NjP)3478898-princetondb</subfield></datafield><datafield ind1=' ' ind2=' ' tag='035'><subfield code='z'>(OCoLC)52490588</subfield></datafield><datafield ind1=' ' ind2=' ' tag='040'><subfield code='a'>HNK</subfield><subfield code='b'>eng</subfield><subfield code='c'>HNK</subfield><subfield code='d'>OCLCQ</subfield><subfield code='d'>CUY</subfield><subfield code='d'>HNK</subfield><subfield code='d'>IXA</subfield><subfield code='d'>OCLCQ</subfield><subfield code='d'>OCLCF</subfield><subfield code='d'>OCLCO</subfield><subfield code='d'>OCLCQ</subfield><subfield code='d'>NjP</subfield></datafield><datafield ind1=' ' ind2=' ' tag='019'><subfield code='a'>52490588</subfield></datafield><datafield ind1=' ' ind2=' ' tag='020'><subfield code='a'>9629840022</subfield></datafield><datafield ind1=' ' ind2=' ' tag='020'><subfield code='a'>9789629840020</subfield></datafield><datafield ind1='1' ind2=' ' tag='029'><subfield code='a'>AU@</subfield><subfield code='b'>000015738730</subfield></datafield><datafield ind1='1' ind2=' ' tag='029'><subfield code='a'>CHBIS</subfield><subfield code='b'>010023433</subfield></datafield><datafield ind1='1' ind2=' ' tag='029'><subfield code='a'>CHVBK</subfield><subfield code='b'>334680603</subfield></datafield><datafield ind1=' ' ind2='4' tag='050'><subfield code='a'>AC149</subfield><subfield code='b'>.S85 2000</subfield></datafield><datafield ind1='0' ind2=' ' tag='130'><subfield code='6'>880-01</subfield><subfield code='a'>Si ku quan shu.</subfield><subfield code='0'>http://id.loc.gov/authorities/names/n81081167</subfield></datafield><datafield ind1='1' ind2='0' tag='245'><subfield code='6'>880-02</subfield><subfield code='a'>Wen yuan ge Si ku quan shu dian zi ban.</subfield></datafield><datafield ind1='3' ind2='0' tag='246'><subfield code='6'>880-03</subfield><subfield code='a'>Si ku quan shu dian zi ban</subfield></datafield><datafield ind1=' ' ind2=' ' tag='250'><subfield code='6'>880-04</subfield><subfield code='a'>Yuan wen ji quan wen jian suo ban.</subfield></datafield><datafield ind1=' ' ind2=' ' tag='256'><subfield code='a'>Computer data.</subfield></datafield><datafield ind1=' ' ind2=' ' tag='260'><subfield code='6'>880-05</subfield><subfield code='a'>Xianggang :</subfield><subfield code='b'>Di zhi wen hua chu ban you xian gong si :</subfield><subfield code='b'>Zhong wen da xue chu ban she,</subfield><subfield code='c'>1999.</subfield></datafield><datafield ind1=' ' ind2=' ' tag='300'><subfield code='a'>183 computer optical discs :</subfield><subfield code='b'>sound, color ;</subfield><subfield code='c'>4 3/4 in. +</subfield><subfield code='e'>1 user&apos;s manual (67 pages : illustrations ; 24 cm)</subfield></datafield><datafield ind1=' ' ind2=' ' tag='336'><subfield code='a'>text</subfield><subfield code='b'>txt</subfield><subfield code='2'>rdacontent</subfield></datafield><datafield ind1=' ' ind2=' ' tag='337'><subfield code='a'>computer</subfield><subfield code='b'>c</subfield><subfield code='2'>rdamedia</subfield></datafield><datafield ind1=' ' ind2=' ' tag='338'><subfield code='a'>computer disc</subfield><subfield code='b'>cd</subfield><subfield code='2'>rdacarrier</subfield></datafield><datafield ind1=' ' ind2=' ' tag='500'><subfield code='a'>Title from title screen.</subfield></datafield><datafield ind1=' ' ind2=' ' tag='500'><subfield code='6'>880-06</subfield><subfield code='a'>Based on &quot;Ying yin Wen yüan ko Ssu kʻu chʻüan shu&quot;. 15 excluded titles listed on p. 63-64 in the user&apos;s manual. Includes some related entries from &quot;Ssu kʻu ta tzʻu tien&quot; published by Chi-lin ta hsüeh chʻu pan she and &quot;Chung-hua ku Han yü tzu tien&quot; by Shang-hai jen min chʻu pan she for hypertext search.</subfield></datafield><datafield ind1=' ' ind2=' ' tag='538'><subfield code='a'>System requirements: Pentium 166 equivalent or above CPU, 32MB or above free hard disk space and space for installing Internet Explorer 5 (70 MB for standard installation or 110 MB for full installation), 800 x 600 resolution and 32768 (15-bit) colors or above display card, mouse, 16-bit sound card, speaker, CD-ROM Drive, software environment compatible with Windows 98.</subfield></datafield><datafield ind1=' ' ind2=' ' tag='590'><subfield code='a'>Accessible from designated East Asian Library computers only.</subfield></datafield><datafield ind1='0' ind2='0' tag='630'><subfield code='6'>880-07</subfield><subfield code='a'>Si ku quan shu</subfield><subfield code='v'>Indexes.</subfield></datafield><datafield ind1='0' ind2='0' tag='630'><subfield code='6'>880-08</subfield><subfield code='a'>Si ku quan shu.</subfield><subfield code='0'>http://id.loc.gov/authorities/names/n81081167</subfield></datafield><datafield ind1='0' ind2='7' tag='630'><subfield code='a'>Si ku quan shu.</subfield><subfield code='2'>fast</subfield><subfield code='0'>(OCoLC)fst01366186</subfield></datafield><datafield ind1=' ' ind2='7' tag='655'><subfield code='a'>Indexes.</subfield><subfield code='2'>fast</subfield><subfield code='0'>(OCoLC)fst01423761</subfield></datafield><datafield ind1=' ' ind2='7' tag='655'><subfield code='a'>Indexes.</subfield><subfield code='2'>lcgft</subfield><subfield code='0'>http://id.loc.gov/authorities/genreForms/gf2014026112</subfield></datafield><datafield ind1='0' ind2='2' tag='730'><subfield code='6'>880-09</subfield><subfield code='a'>Si ku da ci dian.</subfield><subfield code='k'>Selections.</subfield></datafield><datafield ind1='0' ind2='2' tag='730'><subfield code='6'>880-10</subfield><subfield code='a'>Zhonghua gu Han yu zi dian.</subfield><subfield code='k'>Selections.</subfield></datafield><datafield ind1='1' ind2=' ' tag='787'><subfield code='w'>9938615393506421</subfield></datafield><datafield ind1='0' ind2=' ' tag='880'><subfield code='6'>130-01</subfield><subfield code='a'>四庫全書.</subfield></datafield><datafield ind1='1' ind2='0' tag='880'><subfield code='6'>245-02</subfield><subfield code='a'>文淵閣四庫全書電子版.</subfield></datafield><datafield ind1='3' ind2='0' tag='880'><subfield code='6'>246-03</subfield><subfield code='a'>四庫全書電子版</subfield></datafield><datafield ind1=' ' ind2=' ' tag='880'><subfield code='6'>250-04</subfield><subfield code='a'>原文及全文檢索版.</subfield></datafield><datafield ind1=' ' ind2=' ' tag='880'><subfield code='6'>260-05</subfield><subfield code='a'>香港 :</subfield><subfield code='b'>迪志文化出版有限公司 :</subfield><subfield code='b'>中文大學出版社,</subfield><subfield code='c'>1999.</subfield></datafield><datafield ind1=' ' ind2=' ' tag='880'><subfield code='6'>500-06</subfield><subfield code='a'>Based on《景印文淵閣四庫全書》. 15 excluded titles listed on p. 63-64 in the user&apos;s manual. Includes related entries from 《四庫大辭典》 published by 吉林大學出版社 and《中華古漢語字典》by 上海人民出版社 for hypertext search.</subfield></datafield><datafield ind1='0' ind2=' ' tag='880'><subfield code='6'>505-00</subfield><subfield code='a'>Cheng shi guang pan [system disc] (1 CD-ROM) -- Zong mu ji jian ming mu lu (1 CD-ROM) -- Kao zheng (1 CD-ROM) -- 001-025. Jing bu (25 CD-ROMs) -- 026-073. 史部 (48 CD-ROMs) -- 074-116. Zi bu (43 CD-ROMs) -- 117-163. Ji bu (47 CD-ROMs) -- 201-208. [Liu lan shu ju] (8 CD-ROMs) -- 301-308. [Jian suo shu ju] (8 CD-ROMs).</subfield></datafield><datafield ind1='0' ind2=' ' tag='880'><subfield code='6'>505-00</subfield><subfield code='a'>程式光盤 [system disc] (1 CD-ROM) -- 總目及簡明目錄 (1 CD-ROM) -- 考證 (1 CD-ROM) -- 001-025. 經部 (25 CD-ROMs) -- 026-073. 史部 (48 CD-ROMs) -- 074-116. 子部 (43 CD-ROMs) -- 117-163. 集部 (47 CD-ROMs) -- 201-208. [瀏覽數據] (8 CD-ROMs) -- 301-308. [檢索數據] (8 CD-ROMs).</subfield></datafield><datafield ind1='0' ind2='4' tag='880'><subfield code='6'>630-07</subfield><subfield code='a'>四庫全書</subfield><subfield code='v'>Indexes.</subfield></datafield><datafield ind1='0' ind2='4' tag='880'><subfield code='6'>630-08</subfield><subfield code='a'>四庫全書.</subfield></datafield><datafield ind1='0' ind2='2' tag='880'><subfield code='6'>730-09</subfield><subfield code='a'>中華古漢語字典.</subfield><subfield code='k'>Selections.</subfield></datafield><datafield ind1='0' ind2='2' tag='880'><subfield code='6'>730-10</subfield><subfield code='a'>中華古漢語字典.</subfield><subfield code='k'>Selections.</subfield></datafield><datafield ind1=' ' ind2=' ' tag='904'><subfield code='a'>ktf</subfield><subfield code='b'>o</subfield><subfield code='h'>m</subfield><subfield code='c'>f</subfield><subfield code='e'>20011115</subfield></datafield><datafield ind1=' ' ind2=' ' tag='902'><subfield code='a'>ww</subfield><subfield code='b'>m</subfield><subfield code='6'>m</subfield><subfield code='7'>m</subfield><subfield code='d'>c</subfield><subfield code='f'>0</subfield><subfield code='e'>20200501</subfield></datafield></record>